 
@Article{Skjaervo2020,
  author    = {Skjærvø, Sandra H. and Marrows, Christopher H. and Stamps, Robert L. and Heyderman, Laura J.},
  journal   = {Nature Reviews Physics},
  title     = {Advances in artificial spin ice},
  year      = {2019},
  issn      = {2522-5820},
  month     = nov,
  number    = {1},
  pages     = {13--28},
  volume    = {2},
  doi       = {10.1038/s42254-019-0118-3},
  publisher = {Springer Science and Business Media LLC},
}

 
@Article{Farhan2019,
  author    = {Farhan, Alan and Saccone, Michael and Petersen, Charlotte F. and Dhuey, Scott and Chopdekar, Rajesh V. and Huang, Yen-Lin and Kent, Noah and Chen, Zuhuang and Alava, Mikko J. and Lippert, Thomas and Scholl, Andreas and van Dijken, Sebastiaan},
  journal   = {Science Advances},
  title     = {Emergent magnetic monopole dynamics in macroscopically degenerate artificial spin ice},
  year      = {2019},
  issn      = {2375-2548},
  month     = feb,
  number    = {2},
  volume    = {5},
  doi       = {10.1126/sciadv.aav6380},
  publisher = {American Association for the Advancement of Science (AAAS)},
}

 
@Article{Hofhuis2022,
  author    = {Hofhuis, Kevin and Skjærvø, Sandra Helen and Parchenko, Sergii and Arava, Hanu and Luo, Zhaochu and Kleibert, Armin and Derlet, Peter Michael and Heyderman, Laura Jane},
  journal   = {Nature Physics},
  title     = {Real-space imaging of phase transitions in bridged artificial kagome spin ice},
  year      = {2022},
  issn      = {1745-2481},
  month     = apr,
  number    = {6},
  pages     = {699--705},
  volume    = {18},
  doi       = {10.1038/s41567-022-01564-5},
  publisher = {Springer Science and Business Media LLC},
}

 
@Article{Brunn2021,
  author    = {Brunn, O. and Perrin, Y. and Canals, B. and Rougemaille, N.},
  journal   = {Physical Review B},
  title     = {Signatures of farther neighbor couplings in artificial square ice},
  year      = {2021},
  issn      = {2469-9969},
  month     = mar,
  number    = {9},
  pages     = {094405},
  volume    = {103},
  doi       = {10.1103/physrevb.103.094405},
  publisher = {American Physical Society (APS)},
}

 
@Article{Saccone2022,
  author    = {Saccone, Michael and Caravelli, Francesco and Hofhuis, Kevin and Parchenko, Sergii and Birkhölzer, Yorick A. and Dhuey, Scott and Kleibert, Armin and van Dijken, Sebastiaan and Nisoli, Cristiano and Farhan, Alan},
  journal   = {Nature Physics},
  title     = {Direct observation of a dynamical glass transition in a nanomagnetic artificial Hopfield network},
  year      = {2022},
  issn      = {1745-2481},
  month     = mar,
  number    = {5},
  pages     = {517--521},
  volume    = {18},
  doi       = {10.1038/s41567-022-01538-7},
  publisher = {Springer Science and Business Media LLC},
}

 
@Article{Wang2006,
  author    = {Wang, R. F. and Nisoli, C. and Freitas, R. S. and Li, J. and McConville, W. and Cooley, B. J. and Lund, M. S. and Samarth, N. and Leighton, C. and Crespi, V. H. and Schiffer, P.},
  journal   = {Nature},
  title     = {Artificial ‘spin ice’ in a geometrically frustrated lattice of nanoscale ferromagnetic islands},
  year      = {2006},
  issn      = {1476-4687},
  month     = jan,
  number    = {7074},
  pages     = {303--306},
  volume    = {439},
  doi       = {10.1038/nature04447},
  publisher = {Springer Science and Business Media LLC},
}

@Article{Makarova2021,
  title={Low-energy states, ground states, and variable frustrations of the finite-size dipolar Cairo lattices},
  author={Makarova, Kseniia and Strongin, Vladislav and Titovets, Iuliia and Syrov, Aleksandr and Zinchenko, Ivan and Samoylov, Victor and Hofhuis, Kevin and Saccone, Michael and Makarov, Aleksandr and Farhan, Alan and others},
  journal={Physical Review E},
  volume={103},
  number={4},
  pages={042129},
  year={2021},
  publisher={APS}
}

@Article{Farhan2013,
  title={Direct observation of thermal relaxation in artificial spin ice},
  author={Farhan, Alan and Derlet, Peter M and Kleibert, Armin and Balan, Ana and Chopdekar, Rajesh V and Wyss, Marcus and Perron, Jonathan and Scholl, Andreas and Nolting, Frithjof and Heyderman, Laura J},
  journal={Physical review letters},
  volume={111},
  number={5},
  pages={057204},
  year={2013},
  publisher={APS}
}

@Article{Hofhuis2020,
  title={Thermally superactive artificial kagome spin ice structures obtained with the interfacial Dzyaloshinskii-Moriya interaction},
  author={Hofhuis, Kevin and Hrabec, Ale{\v{s}} and Arava, Hanu and Leo, Na{\"e}mi and Huang, Yen-Lin and Chopdekar, Rajesh V and Parchenko, Sergii and Kleibert, Armin and Koraltan, Sabri and Abert, Claas and others},
  journal={Physical Review B},
  volume={102},
  number={18},
  pages={180405},
  year={2020},
  publisher={APS}
}

@Article{Farhan2020,
  title={Geometrical frustration and planar triangular antiferromagnetism in quasi-three-dimensional artificial spin architecture},
  author={Farhan, Alan and Saccone, Michael and Petersen, Charlotte F and Dhuey, Scott and Hofhuis, Kevin and Mansell, Rhodri and Chopdekar, Rajesh V and Scholl, Andreas and Lippert, Thomas and Van Dijken, Sebastiaan},
  journal={Physical review letters},
  volume={125},
  number={26},
  pages={267203},
  year={2020},
  publisher={APS}
}

@Article{Castelnovo2008,
  title={Magnetic monopoles in spin ice},
  author={Castelnovo, Claudio and Moessner, Roderich and Sondhi, Shivaji L},
  journal={Nature},
  volume={451},
  number={7174},
  pages={42--45},
  year={2008},
  publisher={Nature Publishing Group UK London}
}

@Article{Bramwell2001,
  title={Spin ice state in frustrated magnetic pyrochlore materials},
  author={Bramwell, Steven T and Gingras, Michel JP},
  journal={Science},
  volume={294},
  number={5546},
  pages={1495--1501},
  year={2001},
  publisher={American Association for the Advancement of Science}
}

@Article{Mengotti2011,
  title={Real-space observation of emergent magnetic monopoles and associated Dirac strings in artificial kagome spin ice},
  author={Mengotti, Elena and Heyderman, Laura J and Rodr{\'\i}guez, Arantxa Fraile and Nolting, Frithjof and H{\"u}gli, Remo V and Braun, Hans-Benjamin},
  journal={Nature Physics},
  volume={7},
  number={1},
  pages={68--74},
  year={2011},
  publisher={Nature Publishing Group UK London}
}
@article{Saccone2020,
  title = {Geometrical Frustration and Planar Triangular Antiferromagnetism in Quasi-Three-Dimensional Artificial Spin Architecture},
  author = {Farhan, Alan and Saccone, Michael and Petersen, Charlotte F. and Dhuey, Scott and Hofhuis, Kevin and Mansell, Rhodri and Chopdekar, Rajesh V. and Scholl, Andreas and Lippert, Thomas and van Dijken, Sebastiaan},
  journal = {Phys. Rev. Lett.},
  volume = {125},
  issue = {26},
  pages = {267203},
  numpages = {6},
  year = {2020},
  month = {Dec},
  publisher = {American Physical Society},
  doi = {10.1103/PhysRevLett.125.267203},
  url = {https://link.aps.org/doi/10.1103/PhysRevLett.125.267203}
}
@article{Gilbert2014,
  title={Emergent ice rule and magnetic charge screening from vertex frustration in artificial spin ice},
  author={Gilbert, Ian and Chern, Gia-Wei and Zhang, Sheng and O’Brien, Liam and Fore, Bryce and Nisoli, Cristiano and Schiffer, Peter},
  journal={Nature Physics},
  volume={10},
  number={9},
  pages={670--675},
  year={2014},
  publisher={Nature Publishing Group UK London}
}
@article{Gilbert2015,
  title = {Direct visualization of memory effects in artificial spin ice},
  author = {Gilbert, Ian and Chern, Gia-Wei and Fore, Bryce and Lao, Yuyang and Zhang, Sheng and Nisoli, Cristiano and Schiffer, Peter},
  journal = {Phys. Rev. B},
  volume = {92},
  issue = {10},
  pages = {104417},
  numpages = {10},
  year = {2015},
  month = {Sep},
  publisher = {American Physical Society},
  doi = {10.1103/PhysRevB.92.104417},
  url = {https://link.aps.org/doi/10.1103/PhysRevB.92.104417}
}
@article{Saglam2021,
  title={String phase in an artificial spin ice},
  author={Zhang, Xiaoyu and Duzgun, Ayhan and Lao, Yuyang and Subzwari, Shayaan and Bingham, Nicholas S and Sklenar, Joseph and Saglam, Hilal and Ramberger, Justin and Batley, Joseph T and Watts, Justin D and others},
  journal={Nature communications},
  volume={12},
  number={1},
  pages={6514},
  year={2021},
  publisher={Nature Publishing Group UK London}
}
@article{Stopfel2018,
  title = {Magnetic order and energy-scale hierarchy in artificial spin-ice structures},
  author = {Stopfel, Henry and \"Ostman, Erik and Chioar, Ioan-Augustin and Greving, David and Arnalds, Unnar B. and Hase, Thomas P. A. and Stein, Aaron and Hj\"orvarsson, Bj\"orgvin and Kapaklis, Vassilios},
  journal = {Phys. Rev. B},
  volume = {98},
  issue = {1},
  pages = {014435},
  numpages = {8},
  year = {2018},
  month = {Jul},
  publisher = {American Physical Society},
  doi = {10.1103/PhysRevB.98.014435},
  url = {https://link.aps.org/doi/10.1103/PhysRevB.98.014435}
}
@article{Saccone2019,
  title = {Towards artificial Ising spin glasses: Thermal ordering in randomized arrays of Ising-type nanomagnets},
  author = {Saccone, Michael and Scholl, Andreas and Velten, Sven and Dhuey, Scott and Hofhuis, Kevin and Wuth, Clemens and Huang, Yen-Lin and Chen, Zuhuang and Chopdekar, Rajesh V. and Farhan, Alan},
  journal = {Phys. Rev. B},
  volume = {99},
  issue = {22},
  pages = {224403},
  numpages = {7},
  year = {2019},
  month = {Jun},
  publisher = {American Physical Society},
  doi = {10.1103/PhysRevB.99.224403},
  url = {https://link.aps.org/doi/10.1103/PhysRevB.99.224403}
}
@article{Strongina2021,
  title = {Low-energy states, ground states, and variable frustrations of the finite-size dipolar Cairo lattices},
  author = {Makarova, Kseniia and Strongin, Vladislav and Titovets, Iuliia and Syrov, Aleksandr and Zinchenko, Ivan and Samoylov, Victor and Hofhuis, Kevin and Saccone, Michael and Makarov, Aleksandr and Farhan, Alan and Nefedev, Konstantin},
  journal = {Phys. Rev. E},
  volume = {103},
  issue = {4},
  pages = {042129},
  numpages = {12},
  year = {2021},
  month = {Apr},
  publisher = {American Physical Society},
  doi = {10.1103/PhysRevE.103.042129},
  url = {https://link.aps.org/doi/10.1103/PhysRevE.103.042129}
}
@article{Saccone2023,
  title={Real-space observation of ergodicity transitions in artificial spin ice},
  author={Saccone, Michael and Caravelli, Francesco and Hofhuis, Kevin and Dhuey, Scott and Scholl, Andreas and Nisoli, Cristiano and Farhan, Alan},
  journal={nature communications},
  volume={14},
  number={1},
  pages={5674},
  year={2023},
  publisher={Nature Publishing Group UK London}
}

@incollection{janke2008monte,
  title={Monte Carlo methods in classical statistical physics},
  author={Janke, Wolfhard},
  booktitle={Computational many-particle physics},
  pages={79--140},
  year={2008},
  publisher={Springer}
}

@Comment{jabref-meta: databaseType:bibtex;}
